<?xml version="1.0" encoding="UTF-8"?><collection xmlns="http://www.loc.gov/MARC21/slim"><record><leader>00408nam--2200169-i-4500</leader><controlfield tag="001">000010716</controlfield><controlfield tag="002">20161230</controlfield><controlfield tag="005">20170102214652</controlfield><controlfield tag="008">060222s1000------------r-----000-0-eng-d</controlfield><datafield ind1=" " ind2=" " tag="080"><subfield code="a">62-52</subfield></datafield><datafield ind1=" " ind2=" " tag="100"><subfield code="a">Belea, Constantin</subfield></datafield><datafield ind1=" " ind2=" " tag="245"><subfield code="a">Sisteme automate complexe</subfield></datafield><datafield ind1=" " ind2=" " tag="260"><subfield code="a">Bucuresti</subfield><subfield code="b">Editura Tehnica</subfield><subfield code="c">1973</subfield></datafield><datafield ind1=" " ind2=" " tag="300"><subfield code="a">567 p</subfield></datafield><datafield ind1=" " ind2=" " tag="700"><subfield code="a">Calin, Sergiu</subfield></datafield><datafield ind1=" " ind2=" " tag="852"><subfield code="a">39224</subfield></datafield><datafield ind1=" " ind2=" " tag="CAT"><subfield code="a">SYS</subfield><subfield code="c">20170102</subfield><subfield code="h">214652</subfield></datafield></record></collection>